@article {
    OpenMP,
    title = "OpenMP Homepage",
    note = "http://openmp.org/openmp-faq.html"
}

@article {
    OpenMP40Std,
    title = "OpenMP 4.0 Standard Summary, C++",
    note = "http://openmp.org/mp-documents/OpenMP-4.0-C.pdf"
}
